<?xml version="1.0" encoding="UTF-8"?><record xmlns="http://www.loc.gov/MARC21/slim" xmlns:cinclude="http://apache.org/cocoon/include/1.0" xmlns:zs="http://www.loc.gov/zing/srw/">
  <leader>01131nz  a2200205n  4500</leader>
  <controlfield tag="001">no2015063071</controlfield>
  <controlfield tag="003">DLC</controlfield>
  <controlfield tag="005">20150513073503.0</controlfield>
  <controlfield tag="008">150511n| azannaabn          |n aaa     c</controlfield>
  <datafield tag="010" ind1=" " ind2=" ">
    <subfield code="a">no2015063071</subfield>
  </datafield>
  <datafield tag="035" ind1=" " ind2=" ">
    <subfield code="a">(OCoLC)oca10162201</subfield>
  </datafield>
  <datafield tag="040" ind1=" " ind2=" ">
    <subfield code="a">IEN</subfield>
    <subfield code="b">eng</subfield>
    <subfield code="e">rda</subfield>
    <subfield code="c">IEN</subfield>
  </datafield>
  <datafield tag="100" ind1="1" ind2=" ">
    <subfield code="a">Keita, Mamy</subfield>
  </datafield>
  <datafield tag="370" ind1=" " ind2=" ">
    <subfield code="a">Kankan (Guinea)</subfield>
    <subfield code="c">Guinea</subfield>
    <subfield code="c">United States</subfield>
    <subfield code="2">naf</subfield>
  </datafield>
  <datafield tag="372" ind1=" " ind2=" ">
    <subfield code="a">Agriculture--Economic aspects</subfield>
    <subfield code="2">lcsh</subfield>
  </datafield>
  <datafield tag="373" ind1=" " ind2=" ">
    <subfield code="a">Université Général Lansana Conté de Sonfonia</subfield>
    <subfield code="2">naf</subfield>
  </datafield>
  <datafield tag="374" ind1=" " ind2=" ">
    <subfield code="a">Agricultural economists</subfield>
    <subfield code="2">lcsh</subfield>
  </datafield>
  <datafield tag="375" ind1=" " ind2=" ">
    <subfield code="a">male</subfield>
  </datafield>
  <datafield tag="377" ind1=" " ind2=" ">
    <subfield code="a">fre</subfield>
  </datafield>
  <datafield tag="670" ind1=" " ind2=" ">
    <subfield code="a">Autosuffisance alimentaire de la Guinée, 2015:</subfield>
    <subfield code="b">title page (Mamy KEITA) page 4 of cover (b. in Bassando-Gbalako, prefecture of Kankan; agro-economist; master of science in agricultural economics, North Carolina Agricultural and Technical State University, Greensboro, in 1988; after graduation from Institut polytechnique de Conakry in 1976 in economic mathematics, he taught political economics at École normale des instituteurs (ENI) de Guéckédou, and then economics and agricultural statistics at faculté des sciences agronomiques de Sonfonia, Conakry)</subfield>
  </datafield>
</record>